<record xmlns="http://www.loc.gov/MARC21/slim" xmlns:xsi="http://www.w3.org/2001/XMLSchema-instance" xsi:schemaLocation="http://www.loc.gov/MARC21/slim http://www.loc.gov/standards/marcxml/schema/MARC21slim.xsd"><leader>00337nz   2200121n  4500</leader><controlfield tag="001">oca00768355 </controlfield><controlfield tag="005">19840322000000.0</controlfield><controlfield tag="008">820621n| acannaab|          |n aaa |||  </controlfield><datafield ind1=" " ind2=" " tag="010"><subfield code="a">n  82071572 </subfield></datafield><datafield ind1=" " ind2=" " tag="040"><subfield code="a">DLC</subfield><subfield code="c">DLC</subfield></datafield><datafield ind1="0" ind2=" " tag="100"><subfield code="a">Speusippus.</subfield></datafield><datafield ind1=" " ind2=" " tag="670"><subfield code="a">Lang, P. De Speusippi Academici scriptis, 1911, 1964.</subfield></datafield><datafield ind1=" " ind2=" " tag="678"><subfield code="a">b. after 408 B.C.;</subfield><subfield code="a">d. 339/338 B.C.</subfield></datafield></record>